<record><leader>00000cas a22000007a 4500</leader><controlfield tag="001">20688560</controlfield><controlfield tag="008">891122c19529999maudr ne      0    0eng d</controlfield><datafield ind1=" " ind2=" " tag="010"><subfield code="a">sn 89062247 </subfield></datafield><datafield ind1=" " ind2=" " tag="040"><subfield code="a">MGN</subfield><subfield code="b">eng</subfield><subfield code="c">MGN</subfield><subfield code="d">CNW</subfield><subfield code="d">OCLCQ</subfield></datafield><datafield ind1=" " ind2=" " tag="042"><subfield code="a">msc</subfield></datafield><datafield ind1="0" ind2=" " tag="130"><subfield code="a">Gloucester daily times (Gloucester, Mass. : 1952)</subfield></datafield><datafield ind1="1" ind2="0" tag="245"><subfield code="a">Gloucester daily times.</subfield></datafield><datafield ind1=" " ind2=" " tag="260"><subfield code="a">Gloucester, Mass. :</subfield><subfield code="b">Essex County Newspapers</subfield></datafield><datafield ind1=" " ind2=" " tag="300"><subfield code="a">v.</subfield></datafield><datafield ind1=" " ind2=" " tag="310"><subfield code="a">Daily</subfield></datafield><datafield ind1="0" ind2=" " tag="362"><subfield code="a">96th year, no. 53 (Mar. 4, 1952)-</subfield></datafield><datafield ind1=" " ind2="4" tag="651"><subfield code="a">Gloucester (Mass.)</subfield><subfield code="v">Newspapers.</subfield></datafield><datafield ind1=" " ind2=" " tag="752"><subfield code="a">United States</subfield><subfield code="b">Massachusetts</subfield><subfield code="c">Essex</subfield><subfield code="d">Gloucester.</subfield></datafield><datafield ind1="0" ind2="0" tag="780"><subfield code="t">Gloucester daily times and Cape Ann advertiser</subfield><subfield code="w">(DLC)sn 89062246</subfield></datafield><datafield ind1="1" ind2=" " tag="029"><subfield code="a">AU@</subfield><subfield code="b">000020632117</subfield></datafield></record>